@article{oliveira2021circor,
  title={The CirCor DigiScope dataset: from murmur detection to murmur classification},
  author={Oliveira, Jorge and Renna, Francesco and Costa, Paulo Dias and Nogueira, Marcelo and Oliveira, Cristina and Ferreira, Carlos and Jorge, Al{\'\i}pio and Mattos, Sandra and Hatem, Thamine and Tavares, Thiago and others},
  journal={IEEE journal of biomedical and health informatics},
  volume={26},
  number={6},
  pages={2524--2535},
  year={2021},
  publisher={IEEE}
}

@article {Reyna2022.08.11.22278688,
	author = {Reyna, Matthew A. and Kiarashi, Yashar and Elola, Andoni and Oliveira, Jorge and Renna, Francesco and Gu, Annie and Perez Alday, Erick A. and Sadr, Nadi and Sharma, Ashish and Mattos, Sandra and Coimbra, Miguel T. and Sameni, Reza and Rad, Ali Bahrami and Clifford, Gari D.},
	title = {Heart Murmur Detection from Phonocardiogram Recordings: The George B. Moody PhysioNet Challenge 2022},
	elocation-id = {2022.08.11.22278688},
	year = {2022},
	doi = {10.1101/2022.08.11.22278688},
	publisher = {Cold Spring Harbor Laboratory Press},
	URL = {https://www.medrxiv.org/content/early/2022/08/16/2022.08.11.22278688},
	eprint = {https://www.medrxiv.org/content/early/2022/08/16/2022.08.11.22278688.full.pdf},
	journal = {medRxiv}
}

@inproceedings{clifford2016classification,
  title={Classification of normal/abnormal heart sound recordings: The PhysioNet/Computing in Cardiology Challenge 2016},
  author={Clifford, Gari D and Liu, Chengyu and Moody, Benjamin and Springer, David and Silva, Ikaro and Li, Qiao and Mark, Roger G},
  booktitle={2016 Computing in cardiology conference (CinC)},
  pages={609--612},
  year={2016},
  organization={IEEE}
}

@article{kazemnejad2021open,
  title={An open--access simultaneous electrocardiogram and phonocardiogram database},
  author={Kazemnejad, Arsalan and Gordany, Peiman and Sameni, Reza},
  journal={bioRxiv},
  pages={2021--05},
  year={2021},
  publisher={Cold Spring Harbor Laboratory}
}

@article{elola2022beyond,
  title={Beyond Heart Murmur Detection: Automatic Murmur Grading from Phonocardiogram},
  author={Elola, Andoni and Aramendi, Elisabete and Oliveira, Jorge and Renna, Francesco and Coimbra, Miguel T and Reyna, Matthew A and Sameni, Reza and Clifford, Gari D and Rad, Ali Bahrami},
  journal={arXiv preprint arXiv:2209.13385},
  year={2022}
}

@article{mcgee2018auscultation,
  title={Auscultation of the heart: general principles},
  author={McGee, Steven},
  journal={Evidence-based physical diagnosis},
  pages={327--332},
  year={2018},
  publisher={Elsevier}
}

@article{obermeyer2016predicting,
  title={Predicting the futureâ€”big data, machine learning, and clinical medicine},
  author={Obermeyer, Ziad and Emanuel, Ezekiel J},
  journal={The New England journal of medicine},
  volume={375},
  number={13},
  pages={1216},
  year={2016},
  publisher={NIH Public Access}
}

@article{rajkomar2019machine,
  title={Machine learning in medicine},
  author={Rajkomar, Alvin and Dean, Jeffrey and Kohane, Isaac},
  journal={New England Journal of Medicine},
  volume={380},
  number={14},
  pages={1347--1358},
  year={2019},
  publisher={Mass Medical Soc}
}

@article{johnson2016machine,
  title={Machine learning and decision support in critical care},
  author={Johnson, Alistair EW and Ghassemi, Mohammad M and Nemati, Shamim and Niehaus, Katherine E and Clifton, David A and Clifford, Gari D},
  journal={Proceedings of the IEEE},
  volume={104},
  number={2},
  pages={444--466},
  year={2016},
  publisher={IEEE}
}

@article{dash2019big,
  title={Big data in healthcare: management, analysis and future prospects},
  author={Dash, Sabyasachi and Shakyawar, Sushil Kumar and Sharma, Mohit and Kaushik, Sandeep},
  journal={Journal of Big Data},
  volume={6},
  number={1},
  pages={1--25},
  year={2019},
  publisher={Springer}
}

@article{winter2019governance,
  title={Governance of artificial intelligence and personal health information},
  author={Winter, Jenifer Sunrise and Davidson, Elizabeth},
  journal={Digital policy, regulation and governance},
  year={2019},
  publisher={Emerald Publishing Limited}
}

@article{chen2021synthetic,
  title={Synthetic data in machine learning for medicine and healthcare},
  author={Chen, Richard J and Lu, Ming Y and Chen, Tiffany Y and Williamson, Drew FK and Mahmood, Faisal},
  journal={Nature Biomedical Engineering},
  volume={5},
  number={6},
  pages={493--497},
  year={2021},
  publisher={Nature Publishing Group UK London}
}

@article{murtaza2023synthetic,
  title={Synthetic data generation: State of the art in health care domain},
  author={Murtaza, Hajra and Ahmed, Musharif and Khan, Naurin Farooq and Murtaza, Ghulam and Zafar, Saad and Bano, Ambreen},
  journal={Computer Science Review},
  volume={48},
  pages={100546},
  year={2023},
  publisher={Elsevier}
}

@article{gonzales2023synthetic,
  title={Synthetic data in health care: A narrative review},
  author={Gonzales, Aldren and Guruswamy, Guruprabha and Smith, Scott R},
  journal={PLOS Digital Health},
  volume={2},
  number={1},
  pages={e0000082},
  year={2023},
  publisher={Public Library of Science San Francisco, CA USA}
}

@inproceedings{das2022conditional,
  title={Conditional synthetic data generation for robust machine learning applications with limited pandemic data},
  author={Das, Hari Prasanna and Tran, Ryan and Singh, Japjot and Yue, Xiangyu and Tison, Geoffrey and Sangiovanni-Vincentelli, Alberto and Spanos, Costas J},
  booktitle={Proceedings of the AAAI Conference on Artificial Intelligence},
  volume={36},
  number={11},
  pages={11792--11800},
  year={2022}
}

@article{alom2019state,
  title={A state-of-the-art survey on deep learning theory and architectures},
  author={Alom, Md Zahangir and Taha, Tarek M and Yakopcic, Chris and Westberg, Stefan and Sidike, Paheding and Nasrin, Mst Shamima and Hasan, Mahmudul and Van Essen, Brian C and Awwal, Abdul AS and Asari, Vijayan K},
  journal={electronics},
  volume={8},
  number={3},
  pages={292},
  year={2019},
  publisher={Multidisciplinary Digital Publishing Institute}
}

@inproceedings{tan2019efficientnet,
  title={Efficientnet: Rethinking model scaling for convolutional neural networks},
  author={Tan, Mingxing and Le, Quoc},
  booktitle={International conference on machine learning},
  pages={6105--6114},
  year={2019},
  organization={PMLR}
}

@article{simonyan2014very,
  title={Very deep convolutional networks for large-scale image recognition},
  author={Simonyan, Karen and Zisserman, Andrew},
  journal={arXiv preprint arXiv:1409.1556},
  year={2014}
}